@book{brian,
	AUTHOR = {Brian C. Hall},
	TITLE = {Lie Algebras and Representations: An Elementary Introduction},
	SUBTITLE = {An Elementary Introduction},
	YEAR = {2004},
	LANGUAGE = {English},
	PUBLISHER = {Springer},
	LOCATION = {New York},
	isbn = {0-387-40122-9},
	chapter = {1},
	pages = {3-23},
}
@book{kirillov,
	AUTHOR = {A. A. Kirillov},
	TITLE = {Introduction to Lie Groups and Lie Algebras},
	ADDRESS = {Department of Mathematics, Stony Brook, NY 11794},
	YEAR = {2008},
	PUBLISHER = {Cambridge University Press},
	NOTE = {\url{https://www.math.stonybrook.edu/~kirillov/mat552/liegroups.pdf}}
}


@ARTICLE{kac,
	AUTHOR = {Victor Kac},
	TITLE = {Lecture Notes: Introduction to Lie Algebras},
	JOURNAL = {MIT},
	YEAR = {2010},
	NOTE = {\url{https://math.mit.edu/classes/18.745/classnotes.html}}
}
@book{humphreys1,
	title =     {Introduction to Lie algebras and representation theory},
	author =    {J.E. Humphreys},
	publisher = {Springer-Verlag},
	isbn =      {978-0-387-90052-0},
	year =      {1972},
	series =    {Graduate texts in mathematics 9},
	edition =   {},
	volume =    {},
	url =       {http://gen.lib.rus.ec/book/index.php?md5=5D3C32F44E8A1141D8AA1625B4A43B51}}
@book{humphreys2,
	title =     {Representations of Semisimple Lie Algebras in the BGG Category O},
	author =    {J.E. Humphreys	},
	publisher = {AMS},
	isbn =      {0821846787,9780821846780},
	year =      {2008},
	series =    {Graduate Studies in Mathematics},
	edition =   {},
	volume =    {},
	url =       {http://gen.lib.rus.ec/book/index.php?md5=31E14D12BE649AFF91585CE42B2CAB2F}}
@book{sanmartin,
AUTHOR = {Luiz A. B. San Martin},
title = {√Ålgebras de Lie},
YEAR = {2009},
}
@book{jacobson,
	title =     {Basic Algebra II},
	author =    {N. Jacobson},
	publisher = {W H Freeman},
	isbn =      {},
	year =      {1989},
	series =    {},
	edition =   {2nd ed},
	volume =    {},
}




